@preamble{{\providecommand*\hyphen{-}}}
%@misc{soumu,
%    author  = {{総務省}},
%    title   = {{家計消費状況調査ネットショッピングの状況について（二人以上の世帯）―2020年（令和2年）12月分結果―}},
%    year    = {2021},
%    note    = {{https://www.stat.go.jp/data/joukyou/12.html}},
%}
@misc{soumu,
author={{総務省}},
title = {{家計消費状況調査ネットショッピングの状況について（二人以上の世帯）―2020年（令和2年）12月分結果―}}, 2021,}},
note    = {\url{https://www.stat.go.jp/data/joukyou/12.html}}
}

@article{Pre_research,
  title={Application of Supervisory Control Theory with Warehouse Automation Case Study},
  author={Yuta Tatsumoto and Masahiro Shiraishi and Kai Cai},
  journal={システム／制御／情報},
  volume={62},
  number={6},
  pages={203-208},
  year={2018},
  doi={10.11509/isciesci.62.6_203}
}

@booklet{SupervisoryControlOfDES,
author="Cai, Kai
and Wonham, W.M.",
title="Supervisory Control of Discrete-Event Systems",
year="2019",
}

